
@article{Template,
    author = {Author 1 and Author 2},
    title = {title name},
    journal = {journal name},
    year = {1999},
    volume = {1},
    number = {1},
    pages = {1 -- 1}
}

